@book{aaker2012brand,
  title={Brand leadership},
  author={Aaker, David A and Joachimsthaler, Erich},
  year={2012},
  publisher={Simon and Schuster}
} 

@article{cook2010healthy,
  title={How healthy is your brand},
  author={Cook, G and Erwin, K and Carmody, P and Enslin, C},
  journal={The Encyclopaedia of Brands and Branding},
  year={2010}
}

@misc{schell2008art,
  title={The art of game design: a book of lenses/by Jesse Schell.},
  author={Schell, Jesse},
  year={2008},
  publisher={San Francisco, Calif.: Morgan Kaufmann; Oxford: Elsevier Science [distributor],}
}

@book{adams2014fundamentals,
  title={Fundamentals of game design},
  author={Adams, Ernest},
  year={2014},
  publisher={Pearson Education}
}

@article{keller1998effects,
  title={The effects of brand name suggestiveness on advertising recall},
  author={Keller, Kevin Lane and Heckler, Susan E and Houston, Michael J},
  journal={Journal of marketing},
  volume={62},
  number={1},
  pages={48--57},
  year={1998},
  publisher={SAGE Publications Sage CA: Los Angeles, CA}
}

@electronic{interbrand,
  title = {Interbrand},
  url = {www.interbrand.com},
  note = {},
  urldate = {08.02.2021},
}

@electronic{brandfinance,
  title = {Brand Finance},
  url = {www.brandfinance.com},
  note = {},
  urldate = {08.02.2021},
}

@electronic{brandz,
  title = {BrandZ},
  url = {www.brandz.com},
  note = {},
  urldate = {08.02.2021},
}
