@article{kailash2021impact,
  title={IMPACT OF ESPORTS ON SPORTS BRANDING AND CUSTOMER AWARENESS},
  author={Kailash, Shivam and Pabalkar, Dr and others},
  journal={European Journal of Molecular \& Clinical Medicine},
  volume={8},
  number={3},
  pages={506--516},
  year={2021}
}

@incollection{de2021gen,
  title={Gen Z and Esports: Digitizing the Live Event Brand},
  author={de Freitas, Rebecca},
  booktitle={Information and Communication Technologies in Tourism 2021},
  pages={188--201},
  year={2021},
  publisher={Springer}
}

@article{zhang2021research,
  title={Research on tourism intention of esports event spectators based on value-attitude-behavior hierarchy: Focused on Chinese spectators},
  author={Zhang, Xinyue and others},
  journal={Journal of Korea Game Society},
  volume={21},
  number={2},
  pages={89--98},
  year={2021},
  publisher={Korea Game Society}
}

@article{cranmer2021esports,
  title={Esports matrix: Structuring the esports research agenda},
  author={Cranmer, Eleanor E and Han, Dai-In Danny and van Gisbergen, Marnix and Jung, Timothy},
  journal={Computers in Human Behavior},
  volume={117},
  pages={106671},
  year={2021},
  publisher={Elsevier}
}

@article{lehnert2020booming,
  title={The booming eSports market: a field day for fans},
  author={Lehnert, Kevin and Walz, Anna and Christianson, Ryan},
  journal={Journal of Business Strategy},
  year={2020},
  publisher={Emerald Publishing Limited}
}

@incollection{chao2020kenny,
  title={Kenny Lin and Thermaltakeâ€”Branding Strategy and Product Innovation},
  author={Chao, Lung Chieh and Wang, Jing and Qi, Jing Hua},
  booktitle={Entrepreneurship in the Asia-Pacific: Case Studies},
  pages={93--110},
  year={2020},
  publisher={Springer}
}

@article{freitas2020sponsors,
  title={How Sponsors Should Bring Relevant-Added Value to Esports},
  author={Freitas, Bruno Duarte Abreu and Contreras-Espinosa, Ruth Sofia and Correia, Pedro {\'A}lvaro Pereira},
  journal={Scientific Annals of Economics and Business},
  volume={67},
  number={3},
  pages={363--387},
  year={2020}
}

@article{kramer2021reaping,
  title={Reaping the digital dividend? Sport marketing's move into esports: insights from Germany},
  author={Kramer, Kilian and Wagner, David and Scheck, Barbara},
  journal={European Journal of International Management},
  volume={15},
  number={2-3},
  pages={339--366},
  year={2021},
  publisher={Inderscience Publishers (IEL)}
}

@article{chambers2020alcohol,
  title={Alcohol sponsorship and esports: reinforcing the need for legislative restrictions on alcohol sponsorship},
  author={Chambers, Tim},
  journal={Alcohol and alcoholism},
  volume={55},
  number={2},
  pages={144--146},
  year={2020},
  publisher={Oxford University Press}
}

@article{bat2020pre,
  title={Pre-Game Strategy for Long-Term Win: Using Trademark Registration and Right of Publicity to Protect Esports Gamers},
  author={Bat, John C},
  journal={Cath. UJL \& Tech},
  volume={29},
  pages={203},
  year={2020},
  publisher={HeinOnline}
}

@article{voutilainen2021marketing,
  title={Marketing and Branding in esports: Significance of player branding to esports organizations},
  author={Voutilainen, Santeri},
  year={2021}
}